@article{wu2018dizk,
  title={DIZK: A Distributed Zero-Knowledge Proof System},
  author={Wu, Howard and Zheng, Wenting and Chiesa, Alessandro and Popa, Raluca Ada and Stoica, Ion},
  year={2018}
}

@article{mahefast,
  title={Fast GPGPU-Based Elliptic Curve Scalar Multiplication},
  author={Mah{\'e}, Eric M and Chauvet, Jean-Marie}
}

@inproceedings{antao2010elliptic,
  title={Elliptic curve point multiplication on GPUs},
  author={Antao, Samuel and Bajard, Jean-Claude and Sousa, Leonel},
  booktitle={ASAP 2010-21st IEEE International Conference on Application-specific Systems, Architectures and Processors},
  pages={192--199},
  year={2010},
  organization={IEEE}
}

@inproceedings{bernstein2010ecc2k,
  title={ECC2K-130 on Nvidia GPUs},
  author={Bernstein, Daniel J and Chen, Hsieh-Chung and Cheng, Chen-Mou and Lange, Tanja and Niederhagen, Ruben and Schwabe, Peter and Yang, Bo-Yin},
  booktitle={International Conference on Cryptology in India},
  pages={328--346},
  year={2010},
  organization={Springer}
}

@inproceedings{biryukov2014deanonymisation,
  title={Deanonymisation of clients in Bitcoin P2P network},
  author={Biryukov, Alex and Khovratovich, Dmitry and Pustogarov, Ivan},
  booktitle={Proceedings of the 2014 ACM SIGSAC Conference on Computer and Communications Security},
  pages={15--29},
  year={2014},
  organization={ACM}
}

@inproceedings{de2017analysis,
  title={An analysis of bitcoin laundry services},
  author={de Balthasar, Thibault and Hernandez-Castro, Julio},
  booktitle={Nordic Conference on Secure IT Systems},
  pages={297--312},
  year={2017},
  organization={Springer}
}

@inproceedings{sorensen2016hitchhiker,
  title={The Hitchhiker's Guide to Cross-Platform OpenCL Application Development},
  author={Sorensen, Tyler and Donaldson, Alastair F},
  booktitle={Proceedings of the 4th International Workshop on OpenCL},
  pages={2},
  year={2016},
  organization={ACM}
}

@inproceedings{fang2011comprehensive,
  title={A comprehensive performance comparison of CUDA and OpenCL},
  author={Fang, Jianbin and Varbanescu, Ana Lucia and Sips, Henk},
  booktitle={2011 International Conference on Parallel Processing},
  pages={216--225},
  year={2011},
  organization={IEEE}
}

@article{karimi2010performance,
  title={A performance comparison of CUDA and OpenCL},
  author={Karimi, Kamran and Dickson, Neil G and Hamze, Firas},
  journal={arXiv preprint arXiv:1005.2581},
  year={2010}
}

@inproceedings{giacomelli2016zkboo,
  title={Zkboo: Faster zero-knowledge for boolean circuits},
  author={Giacomelli, Irene and Madsen, Jesper and Orlandi, Claudio},
  booktitle={25th $\{$USENIX$\}$ Security Symposium ($\{$USENIX$\}$ Security 16)},
  pages={1069--1083},
  year={2016}
}

@inproceedings{ben2014succinct,
  title={Succinct non-interactive zero knowledge for a von Neumann architecture},
  author={Ben-Sasson, Eli and Chiesa, Alessandro and Tromer, Eran and Virza, Madars},
  booktitle={23rd $\{$USENIX$\}$ Security Symposium ($\{$USENIX$\}$ Security 14)},
  pages={781--796},
  year={2014}
}

@inproceedings{parno2013pinocchio,
  title={Pinocchio: Nearly practical verifiable computation},
  author={Parno, Bryan and Howell, Jon and Gentry, Craig and Raykova, Mariana},
  booktitle={2013 IEEE Symposium on Security and Privacy},
  pages={238--252},
  year={2013},
  organization={IEEE}
}

@misc{buterin_1, 
  title={Quadratic Arithmetic Programs: from Zero to Hero}, 
  url={https://medium.com/@VitalikButerin/quadratic-arithmetic-programs-from-zero-to-hero-f6d558cea649}, 
  journal={Medium}, 
  author={Buterin, Vitalik}, 
  year={2016}, 
  month={Dec}
}

@misc{buterin_2,
  title={Exploring Elliptic Curve Pairings},
  url={https://medium.com/@VitalikButerin/exploring-elliptic-curve-pairings-c73c1864e627},
  journal={Medium},
  author={Buterin, Vitalik},
  year={2017},
  month={Jan}
}

@misc{buterin_3,
  title={Zk-SNARKs: Under the Hood},
  url={https://medium.com/@VitalikButerin/zk-snarks-under-the-hood-b33151a013f6},
  journal={Medium},
  author={Buterin, Vitalik},
  year={2017},
  month={Feb}
}

@inproceedings{katz2008predicate,
  title={Predicate encryption supporting disjunctions, polynomial equations, and inner products},
  author={Katz, Jonathan and Sahai, Amit and Waters, Brent},
  booktitle={annual international conference on the theory and applications of cryptographic techniques},
  pages={146--162},
  year={2008},
  organization={Springer}
}

@article{lawrence2003washington,
  title={Washington. Elliptic curves: number theory and cryptography},
  author={Lawrence, C},
  journal={Discrete Mathematics and Its Applications, Chapman \& Hall/CRC},
  year={2003}
}

@misc{costello2012pairings,
  title={Pairings for beginners},
  author={Costello, Craig},
  year={2012}
}

@book{gaster2012heterogeneous,
  title={Heterogeneous computing with openCL: revised openCL 1.},
  author={Gaster, Benedict and Howes, Lee and Kaeli, David R and Mistry, Perhaad and Schaa, Dana},
  year={2012},
  publisher={Newnes}
}

@article{stone2010opencl,
  title={OpenCL: A parallel programming standard for heterogeneous computing systems},
  author={Stone, John E and Gohara, David and Shi, Guochun},
  journal={Computing in science \& engineering},
  volume={12},
  number={3},
  pages={66},
  year={2010},
  publisher={IEEE Computer Society}
}

@inproceedings{goldwasser1985knowledge,
  title={The knowledge complexity of interactive proof-systems},
  author={Goldwasser, S and Micali, S and Rackoff, C},
  booktitle={Proceedings of the seventeenth annual ACM symposium on Theory of computing},
  pages={291--304},
  year={1985},
  organization={ACM}
}

@inproceedings{blum1988non,
  title={Non-interactive zero-knowledge and its applications},
  author={Blum, Manuel and Feldman, Paul and Micali, Silvio},
  booktitle={Proceedings of the twentieth annual ACM symposium on Theory of computing},
  pages={103--112},
  year={1988},
  organization={ACM}
}

@article{nakamoto2008bitcoin,
  title={Bitcoin: A peer-to-peer electronic cash system},
  author={Nakamoto, Satoshi and others},
  year={2008},
  publisher={Working Paper}
}

@article{zcashprotocol,
  title={Zcash Protocol Specification},
  author={Hopwood, Daira and Bowe, Sean and Hornby, Tailor and Wilcox, Nathan},
  year={2019},
  month={Apr},
  url={https://github.com/zcash/zips/blob/master/protocol/protocol.pdf}
}

@misc{monero,
  title={Monero: Home},
  url={https://www.getmonero.org/},
  journal={getmonero.org, The Monero Project}
}


@inproceedings{sasson2014zerocash,
  title={Zerocash: Decentralized anonymous payments from bitcoin},
  author={Sasson, Eli Ben and Chiesa, Alessandro and Garman, Christina and Green, Matthew and Miers, Ian and Tromer, Eran and Virza, Madars},
  booktitle={2014 IEEE Symposium on Security and Privacy},
  pages={459--474},
  year={2014},
  organization={IEEE}
}

@misc{zcashtechnology,
  title={How It Works},
  url={https://z.cash/technology/},
  journal={Zcash}
}

@misc{zcashzksnarks,
  title={zCash zk-SNARKs},
  url={https://z.cash/technology/zksnarks/},
  journal={Zcash}
}